<record><leader>00000cas a2200000 a 4500</leader><controlfield tag="001">191699197</controlfield><controlfield tag="008">080130d196u19uucaucr ne      0    0eng c</controlfield><datafield ind1=" " ind2=" " tag="010"><subfield code="a">sn2008060102</subfield></datafield><datafield ind1=" " ind2=" " tag="040"><subfield code="a">CNK</subfield><subfield code="b">eng</subfield><subfield code="c">CNK</subfield><subfield code="d">OCLCQ</subfield><subfield code="d">OCLCF</subfield><subfield code="d">OCLCO</subfield></datafield><datafield ind1=" " ind2=" " tag="042"><subfield code="a">pcc</subfield></datafield><datafield ind1=" " ind2=" " tag="043"><subfield code="a">n-us-ca</subfield></datafield><datafield ind1="0" ind2="0" tag="245"><subfield code="a">Gardena tribune.</subfield></datafield><datafield ind1=" " ind2=" " tag="260"><subfield code="a">Gardena, Calif. :</subfield><subfield code="b">Wave Publications</subfield></datafield><datafield ind1=" " ind2=" " tag="300"><subfield code="a">v.</subfield></datafield><datafield ind1=" " ind2=" " tag="310"><subfield code="a">Semiweekly</subfield></datafield><datafield ind1=" " ind2=" " tag="588"><subfield code="a">Description based on: Vol. 17, no. 77 (Jan. 3, 1963).</subfield></datafield><datafield ind1=" " ind2="0" tag="651"><subfield code="a">Gardena (Calif.)</subfield><subfield code="v">Newspapers.</subfield></datafield><datafield ind1=" " ind2="7" tag="655"><subfield code="a">Newspapers.</subfield><subfield code="2">fast</subfield><subfield code="0">(OCoLC)fst01423814</subfield></datafield><datafield ind1=" " ind2="7" tag="651"><subfield code="a">California</subfield><subfield code="z">Gardena.</subfield><subfield code="2">fast</subfield><subfield code="0">(OCoLC)fst01226002</subfield></datafield><datafield ind1=" " ind2=" " tag="752"><subfield code="a">United States</subfield><subfield code="b">California</subfield><subfield code="c">Los Angeles</subfield><subfield code="d">Gardena.</subfield></datafield><datafield ind1="0" ind2="0" tag="780"><subfield code="t">Gardena and Alondra Park tribune</subfield><subfield code="w">(DLC)sn2008060101</subfield></datafield></record>